@misc{Wiki,
  title = {Socket Basico},
  howpublished = {\url{http://wiki.python.org.br/SocketBasico}},
  note = {Acessado em: 17-05-2016}
}

@misc{Wiki2,
  title = {Socket Objects},
  howpublished = {\url{https://docs.python.org/2/library/socket.html#socket-objects}},
  note = {Acessado em: 17-05-2016}
}

@misc{Wiki3,
  title = {socket â€” Low-level networking interface},
  howpublished = {\url{https://docs.python.org/3/library/socket.html#}},
  note = {Acessado em: 20-05-2016}
}

@misc{Wiki4,
  title = {Socket Programming HOWTO},
  howpublished = {\url{https://docs.python.org/2/howto/sockets.html}},
  note = {Acessado em: 15-05-2016}
}